@InProceedings{DaSanMartinoSemeval20task11,
author = "Da San Martino, Giovanni and
  Barr\'{o}n-Cede\~no, Alberto and
  Wachsmuth, Henning and
  Petrov, Rostislav and
  Nakov, Preslav",
title = "{SemEval}-2020 Task 11: Detection of Propaganda Techniques in News Articles",
pages = "",
booktitle = "Proceedings of the 14th International Workshop on Semantic Evaluation",
series = "SemEval 2020",
year = "2020",
address = "Barcelona, Spain",
month = "Dec.",
}

@inproceedings{baccianella2010sentiwordnet,
  title={Sentiwordnet 3.0: An enhanced lexical resource for sentiment analysis and opinion mining.},
  author={Baccianella, Stefano and Esuli, Andrea and Sebastiani, Fabrizio},
  booktitle={Lrec},
  volume={10},
  pages={2200--2204},
  year={2010}
}

@inproceedings{somasundaran2007detecting,
  title={Detecting arguing and sentiment in meetings},
  author={Somasundaran, Swapna and Ruppenhofer, Josef and Wiebe, Janyce},
  booktitle={Proceedings of the SIGdial Workshop on Discourse and Dialogue},
  volume={6},
  year={2007}
}

@article{Wolf2019HuggingFacesTS,
  title={HuggingFace's Transformers: State-of-the-art Natural Language Processing},
  author={Thomas Wolf and Lysandre Debut and Victor Sanh and Julien Chaumond and Clement Delangue and Anthony Moi and Pierric Cistac and Tim Rault and R'emi Louf and Morgan Funtowicz and Jamie Brew},
  journal={ArXiv},
  year={2019},
  volume={abs/1910.03771}
}

@inproceedings{devlin2019bert,
    title = "{BERT}: Pre-training of Deep Bidirectional Transformers for Language Understanding",
    author = "Devlin, Jacob  and
      Chang, Ming-Wei  and
      Lee, Kenton  and
      Toutanova, Kristina",
    booktitle = "Proceedings of the 2019 Conference of the North {A}merican Chapter of the Association for Computational Linguistics: Human Language Technologies",
    month = jun,
    year = "2019",
    address = "Minneapolis, Minnesota",
    publisher = "Association for Computational Linguistics",
    url = "https://www.aclweb.org/anthology/N19-1423",
    doi = "10.18653/v1/N19-1423",
    pages = "4171--4186",
    volume="1 (Long and Short Papers)",
}

@inproceedings{pennington2014glove,
  author = {Jeffrey Pennington and Richard Socher and Christopher D. Manning},
  booktitle = {Em- pirical Methods in Natural Language Processing (EMNLP)},
  title = {Glo{V}e: Global Vectors for Word Representation},
  year = {2014},
  pages = {1532--43},
  url = {http://www.aclweb.org/anthology/D14-1162},
}

@misc{spacy,
    AUTHOR = {Honnibal, Matthew and Montani, Ines},
    TITLE  = {{spaCy 2}: \url{spacy.io/}},
}

@misc{emotion,
    title = {\footnotesize\url{https://cloud.ibm.com/catalog/services/natural-language-understanding}}
}
